
@article{Holmes:2007ys,
  Author = {E. E. Holmes and L. W. Fritz and A. E. York and K. Sweeney},
	Journal = {Ecological Applications},
	Number = {8},
	Pages = {2214--2232},
	Title = {Age-structured modeling reveals long-term declines in the natality of western {S}teller sea lions},
	Volume = {17},
	Year = {2007}}
